@article{Belk:2014,
	author = {Russell Belk},
	title = {You are what you can access: Sharing and collaborative consumption online},
	journal = {Journal of Business Research},
	volume = {67},
	number = {8},
	pages = {1595 - 1600},
	year = {2014},
	issn = {0148-2963},
	doi = {10.1016/j.jbusres.2013.10.001}
}

@misc{
	power-mike-online-highs, 
    title={Online highs are old as the net: the first e-commerce was a drugs deal}, 	
    howpublished = "\url{https://www.theguardian.com/science/2013/apr/19/online-high-net-drugs-deal}", 	  journal={The Guardian}, 
    publisher={Guardian News and Media}, 
    author={Power, Mike}, 	
    year={2013}, 
    month={Apr},
    note="[Online: accessed 14-December-2016]"
}

@misc{
	winterman-kelly-online-shopper, 
    title={Online shopping: The pensioner who pioneered a home shopping revolution},   		
    howpublished = "\url{http://www.bbc.co.uk/news/magazine-24091393}", 
    journal={BBC News}, 
    publisher={BBC}, 
    author={Winterman, Denise and Kelly, Jon}, 
    year={2013}, 
    month={Sep},
    note="[Online: accessed 14-December-2016]"
}

@misc{
	khaksar-2016, 
    title={A Never-Ending Boom? How to Keep E-Commerce Growing in the UK}, 
    howpublished = "\url{http://digitalmarketingmagazine.co.uk/e-commerce-digital-marketing/a-never-ending-boom-how-to-keep-e-commerce-growing-in-the-uk/3936}", 
    journal={Digital Marketing Magazine}, 
    author={Khaksar, Justin}, 
    year={2016}, 
    month={Dec},
    note="[Online: accessed 14-December-2016]"
}

@misc{
	PCI-DSS, 
    title={Requirements and Security Assessment Procedures Version 3.2}, 
    publisher={PCI Security Standards Council}, 
    author={{Payment Card Industry Council}}, 
    howpublished = "\url{https://www.pcisecuritystandards.org/document_library?category=pcidss&document=pci_dss}",
    year={2016}, 
    month={Apr},
    note="[Online: accessed 14-December-2016]"
}    

@misc{
	card-data, 
    title={PCI Quick Reference Guide - Understanding the Payment Card Industry Data Security Standard version 1.2}, 
    publisher={PCI Security Standards Council}, 
    author={{Payment Card Industry Council}}, 
    howpublished = "\url{https://www.pcisecuritystandards.org/pdfs/pci_ssc_quick_guide.pdf}",
    year={2010}, 
    month={Oct},
    note="[Online: accessed 14-December-2016]"
}  

@misc{
	authorize-net, 
    title={Authorize.Net}, 
    howpublished = "\url{http://www.authorize.net/}",
    note="[Online: accessed 14-December-2016]"
}

@misc{
	paypal, 
    title={PayPal}, 
    howpublished = "\url{https://developer.paypal.com/}",
    note="[Online: accessed 14-December-2016]"
}  

@misc{
	amazon-payments, 
    title={amazon payments}, 
    howpublished = "\url{https://payments.amazon.co.uk/}",
    note="[Online: accessed 14-December-2016]"
} 

@misc{
	stripe, 
    title={Stripe}, 
    howpublished = "\url{https://stripe.com/gb}",
    note="[Online: accessed 14-December-2016]"
} 

@misc{
	braintree, 
    title={Braintree}, 
    howpublished = "\url{https://www.braintreepayments.com/}",
    note="[Online: accessed 14-December-2016]"
} 

@misc{
	comodo, 
    title={What is HTTPS?}, 
    howpublished = "\url{https://www.instantssl.com/ssl-certificate-products/https.html}", 
    journal={HTTP to HTTPS | What is a HTTPS Certificate}, 
    author={{Comodo}},
    note="[Online: accessed 14-December-2016]"
}

@misc{
	ssl-certificate, 
    title={What is an SSL Certificate?}, 
    howpublished = "\url{https://www.globalsign.com/en/ssl-information-center/what-is-an-ssl-certificate/}", 	
     journal={SSL \& Digital Certificates by GlobalSign}, 
    author={GlobalSign},
    note="[Online: accessed 14-December-2016]"
}
